@string{ace = "Proceedings of the Australasian Computing Education Conference"}
@string{sigcse = "Proceedings of the ACM Technical Symposium on Computer Science Education"}
@string{iticse = "Proceedings of the ACM Conference on Innovation and Technology in Computer Science Education"}

@ARTICLE{kinnunen_phenomenography_2012,
	title = {Phenomenography and grounded theory as research methods in computing education research field},
	volume = {22},
	issn = {0899-3408},
	number = {2},
	urldate = {2016-10-20},
	journal = {Computer Science Education},
	author = {Kinnunen, P{\"a}ivi and Simon, Beth},
	month = jun,
	year = {2012},
	pages = {199--218}
}

@BOOK{charmaz_constructing_2006,
	title = {Constructing {Grounded} {Theory}: {A} {Practical} {Guide} through {Qualitative} {Analysis}},
	isbn = {978-1-4462-0019-3},
	shorttitle = {Constructing {Grounded} {Theory}},
	publisher = {SAGE},
	author = {Charmaz, Kathy},
	month = jan,
	year = {2006}
}

@ARTICLE{wood_card_2008,
	title = {Card {Sorting}: {Current} {Practices} and {Beyond}},
	volume = {4},
	issn = {1931-3357},
	shorttitle = {Card {Sorting}},
	number = {1},
	journal = {J. Usability Studies},
	author = {Wood, Jed R. and Wood, Larry E.},
	month = nov,
	year = {2008},
	pages = {1--6}
}

@ARTICLE{righi_card_2013,
	title = {Card {Sort} {Analysis} {Best} {Practices}},
	volume = {8},
	issn = {1931-3357},
	number = {3},
	journal = {J. Usability Studies},
	author = {Righi, Carol and James, Janice and Beasley, Michael and Day, Donald L. and Fox, Jean E. and Gieber, Jennifer and Howe, Chris and Ruby, Laconya},
	month = may,
	year = {2013},
	pages = {69--89}
}

@INPROCEEDINGS{whalley_salient_2011,
	_address = {Darlinghurst, Australia, Australia},
	series = {{ACE} '11},
	title = {Salient {Elements} in {Novice} {Solutions} to {Code} {Writing} {Problems}},
	isbn = {978-1-920682-94-1},
	booktitle = ace,
	publisher = {Australian Computer Society, Inc.},
	author = {Whalley, Jacqueline and Clear, Tony and Robbins, Phil and Thompson, Errol},
	year = {2011},
	pages = {37--46}
}

@INPROCEEDINGS{thompson_holistic_2007,
	_address = {Darlinghurst, Australia, Australia},
	series = {{ACE} '07},
	title = {Holistic {Assessment} {Criteria}: {Applying} {SOLO} to {Programming} {Projects}},
	isbn = {978-1-920682-46-0},
	shorttitle = {Holistic {Assessment} {Criteria}},
	booktitle = ace,
	publisher = {Australian Computer Society, Inc.},
	author = {Thompson, Errol},
	year = {2007},
	pages = {155--162}
}

@book{biggs-collis-solo82,
  author = "Biggs, J. B. and Collis, K.",
  year = 1982,
  title = "Evaluating the Quality of Learning: the {SOLO} taxonomy",
  _address = "New York",
  publisher = "Academic Press"
  }

@inproceedings{whalley-solo-reading06,
 author = {Whalley, Jacqueline L. and Lister, Raymond and Thompson, Errol and Clear, Tony and Robbins, Phil and Kumar, P. K. Ajith and Prasad, Christine},
 title = {An Australasian Study of Reading and Comprehension Skills in Novice Programmers, Using the Bloom and SOLO Taxonomies},
 booktitle = ace,
 series = {ACE '06},
 year = {2006},
 isbn = {1-920682-34-1},
 location = {Hobart, Australia},
 pages = {243--252},
 acmid = {1151901},
 publisher = {Australian Computer Society, Inc.},
 _address = {Darlinghurst, Australia, Australia}
}

@inproceedings{izu-code-design-solo16,
 author = {Izu, Cruz and Weerasinghe, Amali and Pope, Cheryl},
 title = {A Study of Code Design Skills in Novice Programmers Using the SOLO Taxonomy},
 booktitle = {Proceedings of the 2016 ACM Conference on International Computing Education Research},
 series = {ICER '16},
 year = {2016},
 isbn = {978-1-4503-4449-4},
 location = {Melbourne, VIC, Australia},
 pages = {251--259},
 acmid = {2960324},
 publisher = {ACM},
 _address = {New York, NY, USA},
 keywords = {code design, novice programmers, solo},
}

@inproceedings{ginat-solo-algorithmic15,
 author = {Ginat, David and Menashe, Eti},
 title = {SOLO Taxonomy for Assessing Novices' Algorithmic Design},
 booktitle = sigcse,
 series = {SIGCSE '15},
 year = {2015},
 isbn = {978-1-4503-2966-8},
 location = {Kansas City, Missouri, USA},
 pages = {452--457},
 acmid = {2677311},
 publisher = {ACM},
 _address = {New York, NY, USA},
 keywords = {algorithmic design, assessment, taxonomy}
}

@inproceedings{muller-ginat-pattern07,
 author = {Muller, Orna and Ginat, David and Haberman, Bruria},
 title = {Pattern-oriented Instruction and Its Influence on Problem Decomposition and Solution Construction},
 booktitle = iticse,
 series = {ITiCSE '07},
 year = {2007},
 isbn = {978-1-59593-610-3},
 location = {Dundee, Scotland},
 pages = {151--155},
 acmid = {1268830},
 publisher = {ACM},
 _address = {New York, NY, USA},
 keywords = {algorithmic patterns, pattern-oriented instruction, problem decomposition, problem solving},
}

@book{fffk:htdp,
  skpaper="true",
  author="Matthias Felleisen and Robert Bruce Findler and Matthew
    Flatt and Shriram Krishnamurthi",
  title="How to Design Programs",
  publisher="{MIT} Press",
  year=2001,
  url="http://www.htdp.org/"}

@article{soloway-learning86,
 author = "Elliot Soloway",
 title = "Learning to Program = Learning to Construct Mechanisms and Explanations",
 journal = "Communications of the {ACM}",
 volume = {29},
 number = {9},
 month = sep,
 pages = {850--858},
 year = {1986}
}

@article{Pirolli_Anderson_1985,
        title = "The Role of Learning from Examples in the Acquisition of Recursive Programming Skills",
        volume = "39",
    ISSN = "0008-4255",
    journal = "Canadian Journal of Psychology",
    author = "Pirolli, Peter L. and Anderson, John R.",
    year = "1985"
}

@article{Rist_1989,
        title = "Schema Creation in Programming",
    journal = "Cognitive Science",
    author = "Rist, Robert S.",
    year = "1989"
}

@inproceedings{Spohrer_Soloway_1989,
    title = "Simulating Student Programmers",
    booktitle = "Proceedings of IJCAI",
    author = "Spohrer, James C. and Soloway, Elliot",
    year = "1989"
}

@article{Rist_1991,
	title = "Knowledge Creation and Retrieval in Program Design: A Comparison of Novice and Intermediate Student Programmers",
    volume = "6",
    ISSN = "0737-0024",
    number = "1",
    journal = "Hum.-Comput. Interact.",
    author = "Rist, Robert S.",
    year = "1991",
    month = "Mar",
    pages = "1-46"
}

@inproceedings{bieniusa_htdp_2008,
	_address = {New York, NY, USA},
	series = {{FDPE} '08},
	title = {{H}t{D}{P} and {D}{M}d{A} in the {Battlefield}: {A} {Case} {Study} in {First}-year {Programming} {Instruction}},
	isbn = {978-1-60558-068-5},
	booktitle = {Proceedings of the 2008 {International} {Workshop} on {Functional} and {Declarative} {Programming} in {Education}},
	publisher = {ACM},
	author = {Bieniusa, Annette and Degen, Markus and Heidegger, Phillip and Thiemann, Peter and Wehr, Stefan and Gasbichler, Martin and Sperber, Michael and Crestani, Marcus and Klaeren, Herbert and Knauel, Eric},
	year = {2008},
	pages = {1--12}
}

@article{felleisen_teachscheme!_2004,
	title = {The {TeachScheme}! {Project}: {Computing} and {Programming} for {Every} {Student}},
	volume = {14},
	issn = {0899-3408},
	shorttitle = {The {TeachScheme}! {Project}},
	number = {1},
	journal = {Computer Science Education},
	author = {Felleisen, Matthias and Findler, Robert Bruce and Flatt, Matthew and Krishnamurthi, Shriram},
	month = jan,
	year = {2004},
	pages = {55--77}
}

@inproceedings{ramsey_teaching_2014,
	_address = {New York, NY, USA},
	series = {{ICFP} '14},
	title = {On {Teaching} *{How} to {Design} {Programs}*: {Observations} from a {Newcomer}},
	isbn = {978-1-4503-2873-9},
	shorttitle = {On {Teaching} *{How} to {Design} {Programs}*},
	booktitle = {Proceedings of the 19th {ACM} {SIGPLAN} {International} {Conference} on {Functional} {Programming}},
	publisher = {ACM},
	author = {Ramsey, Norman},
	year = {2014},
	pages = {153--166}
}

@inproceedings{shuhidan_taxonomic_2009,
	_address = {Darlinghurst, Australia, Australia},
	series = {{ACE} '09},
	title = {A {Taxonomic} {Study} of {Novice} {Programming} {Summative} {Assessment}},
	isbn = {978-1-920682-76-7},
	booktitle = ace,
	publisher = {Australian Computer Society, Inc.},
	author = {Shuhidan, Shuhaida and Hamilton, Margaret and D'Souza, Daryl},
	year = {2009},
	pages = {147--156}
}

@inproceedings{lister_not_2006,
	_address = {New York, NY, USA},
	series = {{ITICSE} '06},
	title = {Not {Seeing} the {Forest} for the {Trees}: {Novice} {Programmers} and the {SOLO} {Taxonomy}},
	isbn = {978-1-59593-055-2},
	shorttitle = {Not {Seeing} the {Forest} for the {Trees}},
	booktitle = iticse,
	publisher = {ACM},
	author = {Lister, Raymond and Simon, Beth and Thompson, Errol and Whalley, Jacqueline L. and Prasad, Christine},
	year = {2006},
	pages = {118--122}
}

@inproceedings{whalley_qualitative_2014,
	_address = {New York, NY, USA},
	series = {{ITiCSE} '14},
	title = {A {Qualitative} {Think}-aloud {Study} of {Novice} {Programmers}' {Code} {Writing} {Strategies}},
	isbn = {978-1-4503-2833-3},
	booktitle = iticse,
	publisher = {ACM},
	author = {Whalley, Jacqueline and Kasto, Nadia},
	year = {2014},
	pages = {279--284}
}

@inproceedings{meerbaum-salant_learning_2010,
	_address = {New York, NY, USA},
	series = {{ICER} '10},
	title = {Learning {Computer} {Science} {Concepts} with {Scratch}},
	booktitle = {Proceedings of the {Sixth} {International} {Workshop} on {Computing} {Education} {Research}},
	publisher = {ACM},
	author = {Meerbaum-Salant, Orni and Armoni, Michal and Ben-Ari, Mordechai},
	year = {2010},
	pages = {69--76}
}

@inproceedings{whalley_salient_2011,
	_address = {Darlinghurst, Australia, Australia},
	series = {{ACE} '11},
	title = {Salient {Elements} in {Novice} {Solutions} to {Code} {Writing} {Problems}},
	isbn = {978-1-920682-94-1},
	booktitle = ace,
	publisher = {Australian Computer Society, Inc.},
	author = {Whalley, Jacqueline and Clear, Tony and Robbins, Phil and Thompson, Errol},
	year = {2011},
	pages = {37--46}
}

@article{lister_naturally_2010,
	title = {Naturally {Occurring} {Data} {As} {Research} {Instrument}: {Analyzing} {Examination} {Responses} to {Study} the {Novice} {Programmer}},
	volume = {41},
	issn = {0097-8418},
	shorttitle = {Naturally {Occurring} {Data} {As} {Research} {Instrument}},
	number = {4},
	journal = {SIGCSE Bull.},
	author = {Lister, Raymond and Clear, Tony and {Simon} and Bouvier, Dennis J. and Carter, Paul and Eckerdal, Anna and Jackov\'{a}, Jana and Lopez, Mike and McCartney, Robert and Robbins, Phil and Sepp\"{a}l\"{a}, Otto and Thompson, Errol},
	month = jan,
	year = {2010},
	pages = {156--173}
}
